@techreport{Planning_airborne,
  author       = {{M. Pepe, L. Fregonese, M. Scaioni}}, 
  title        = {Planning airborne photogrammetry and remotesensing},
  institution  = {European Journal of Remote Sensing},
  year         = 2018,
}
@article{pulicacion,
  author  = {{S. Arriola, A. Ferencz, R. Rimolo}}, 
  title   = {Fotogrametría terreste con sistemas aéreos autónomos no tripulados},
  journal = {Investiga TEC},
  year    = 2018
}

@misc{CORBANA,
	title = {{CORBANA Costa Rica}},
	url = { https://www.corbana.co.cr/somos/},
	urldate = {NA},
	month = Jul,
	year = {2018},
}
@article{ICAO,
  author  = {{International Civil Aviation Organization}}, 
  title   = {Remotley Piloted aircraft system (RPAS) concept of operations (CONOPS) For international IFR operations},
  journal = {ICAO},
  year    = 2017
}

@techreport{Joint,
  author       = {{Joint Air Power Competence Center}}, 
  title        = {Strategic Concept of Employment for Unmanned Aircraf Systems in NATO},
  institution  = {NATO},
  year         = 2017,
}
@mastersthesis{Luis_Fernadno,
  author       = {{Luis Fernando Real Martín}}, 
  title        = {Introduccion a los UAS y una vista al Salon de seguridad y defensa "HOMESEC13},
  school       = {HOMESEC13},
  year         = 2013,

}
@misc{ASPRS,
	title = {{Whats ASPRS}},
	url = { https://www.asprs.org/organization/what-is-asprs.html.},
	urldate = {NA},
	month = Jul,
	year = {2018},
}
@book{elements_photogrammetry,
  author    = {{Paul R. Wolf, Bon A. Dewitt Benjamin E. Wolkinson}}, 
  title     = {Elements of photogrammetry with applications in GIs},
  publisher = {McGraw-Hill},
  year      = 2014,
  address   = {New Jersey},
  edition   = 4,
}
@book{Inertial,
  author    = {{D. Hazry, M. Sofian, Z. Azfar}}, 
  title     = {Study of Inertial Measurement Unit Sensor,” International Conference on ManMachine Systems ICoMMS},
  year      = 2014,
  month  = {October},
  pages   = {11-13},
}
@misc{IMU,
	author    = {{Damina Pierre Vigouroux Cavolina}}, 
	title = {{Implementacion de Unidad de medicon inercial (IMU) para robotica utilizando filtro de Kalman}},
	url = { http://159.90.80.55/tesis/000149068.pdf},
	urldate = {NA},
	month = October,
	year = {2010},
}
@mastersthesis{JD,
  author       = { J. D. Guallichico Loacham´ın and C. A. Utreras Caiza}, 
  title        = {“DISENO E IMPLEMENTACION DE UN ´
SISTEMA DE NAVEGACION INERCIAL TIPO STRAPDOWN PARA ESTIMAR LA POSICION
DE UN ROBOT MOVIL, APLICABLE A UN PROTOTIPO DE AUTOPILOTO DE UN AUV},

}

@book{GPS,
  author    = {{Huerta Eduardo, Mangiaterra Ald, Noguera Gustavo}}, 
  title     = {GPS Posicionamiento Satelita},
  publisher = {UNR Editorial},
  year      = 2005,
  address   = {Argentina},
  edition   = 1,
}
@misc{gyro,
	author    = {{O. J. Woodman}}, 
	title = {{An Introduction to Inertial Navigation}},
	url = {http://www.ncbi.nlm.nih.gov/pubmed/19863683
f},
	urldate = {NA},
	month = October,
    publisher = {Cambridge University},
    address = {Cambridge}
	year = {2010},
}
@mastersthesis{Perez,
  author       = { G. P´erez de Laz´arraga and J. M. Corres,}}, 
  title        = {Control motor brushless sensorless},
  school       = { Escuela Polit´ecnica Nacional},
  year         = 2015,

}
@book{Euler,
  author    = {{Alan Watt and matk Watt}}, 
  title     = {Advanced animation and rendering techniques},
  publisher = {ACM Press},
  year      = 2000,
  address   = {New York},
  edition   = 1,
}

@mastersthesis{Euler_angles,
  author       = { Oliver Chocron}, 
  title        = {Euler ZYX convention},
  school       = {MIT},
  month        = October,
  year         = 2000,

}
@INPROCEEDINGS{4281723, 
author={H. Chunhua and F. Yong and J. Zhihong and Z. Jihong and S. Zengqi}, 
booktitle={The Proceedings of the Multiconference on "Computational Engineering in Systems Applications"}, 
title={Mission Planning for Unmanned Aerial Vehicles}, 
year={2006}, 
volume={1}, 
number={}, 
pages={597-601}, 
keywords={aerospace control;aircraft;path planning;position control;remotely operated vehicles;mission planning;unmanned aerial vehicles;safe-ring method;real-time path planning;threat modeling;kinematical constraints;state trajectory;Unmanned aerial vehicles;Path planning;Fuels;Cost function;Technology planning;Reconnaissance;Remotely operated vehicles;Automotive engineering;Systems engineering and theory;Application software;Mission Planning;UAV;safe-ring method}, 
doi={10.1109/CESA.2006.4281723}, 
ISSN={}, 
month={Oct},}
@misc{Design_plann,
	author    = {{Qassim Abdullah}}, 
	title = {{Designing Flight Route}},
	url = {https://www.e-education.psu.edu/geog892/node/658},
      publisher = {Geo-spatial Applications of Unmanned Aerial Systems},
  year      = 2018,
  address   = {Pennsylvanian},
  edition   = 1,
}
@misc{GSDComputation,
	author    = {{Pix4D}}, 
	title = {{Step 1. Before Starting a Project > 1. Designing the Image Acquisition Plan > b. Computing the Flight Height for a given GSD}},
	url = {https://support.pix4d.com/hc/en-us/articles/202557469-Step-1-Before-Starting-a-Project-1-Designing-the-Image-Acquisition-Plan-b-Computing-the-Flight-Height-for-a-given-GSD},
      publisher = {Pix4D support},
  year      = 2018,
}
@misc{GCP,
	author    = {{Qassim Abdullah}}, 
	title = {{Ground Control Requirement}},
	url = {https://www.e-education.psu.edu/geog892/node/6498},
      publisher = {Geo-spatial Applications of Unmanned Aerial Systems},
  year      = 2018,
  address   = {Pennsylvanian},
  edition   = 1,
}
@misc{Shutter,
	author    = {{QIMAGING}}, 
	title = {{Roling Shutter vs. Global Shutter}},
	url = {https://www.qimaging.com/ccdorscmos/pdfs/RollingvsGlobalShutter.pdf},
      publisher = {Qimaging},
  year      = 2018,
}